@inproceedings{Olteanu2015,
  title = {What to Expect When the Unexpected Happens: Social Media Communications Across Crises},
  shorttitle = {What to Expect When the Unexpected Happens},
  timestamp = {2015-05-06 13:55:50},
   booktitle = {Proceedings of the 18th {ACM} Conference on Computer Supported Cooperative
               Work {\&} Social Computing, {CSCW} 2015, Vancouver, BC, Canada,
               March 14 - 18, 2015},
  author = {Olteanu, Alexandra and Vieweg, Sarah and Castillo, Carlos},
  date = {2015}
}

@article{DBLP:journals/corr/MorstatterPLC13,
  author    = {Fred Morstatter and
               J{\"{u}}rgen Pfeffer and
               Huan Liu and
               Kathleen M. Carley},
  title     = {Is the Sample Good Enough? Comparing Data from Twitter's Streaming
               {API} with Twitter's Firehose},
  journal   = {CoRR},
  volume    = {abs/1306.5204},
  year      = {2013},
  url       = {http://arxiv.org/abs/1306.5204}
}

@article{JMLR:v15:delgado14a,
  author  = {Manuel Fern\'{a}ndez-Delgado and Eva Cernadas and Sen\'{e}n Barro and Dinani Amorim},
  title   = {Do we Need Hundreds of Classifiers to Solve Real World Classification Problems?},
  journal = {Journal of Machine Learning Research},
  year    = {2014},
  volume  = {15},
  pages   = {3133-3181}
}

@article{malandrakis_sail_2014,
  title = {{SAIL}: {Sentiment} {Analysis} using {Semantic} {Similarity} and {Contrast}},
  shorttitle = {{SAIL}},
  timestamp = {2015-09-11T20:26:41Z},
  journal = {{SemEval} 2014},
  shortjournal = {{SemEval} 2014},
  author = {Malandrakis, {Nikolaos} and {Falcone}, {Michael} and {Vaz}, {Colin} and {Bisogni}, {Jesse} and {Potamianos}, {Alexandros} and {Narayanan}, {Shrikanth}},
  urldate = {2015-09-11},
  date = {2014},
  pages = {512}
}

@article{redondo2007spanish,
  title={The Spanish adaptation of ANEW (affective norms for English words)},
  author={Redondo, Jaime and Fraga, Isabel and Padr{\'o}n, Isabel and Comesa{\~n}a, Montserrat},
  journal={Behavior research methods},
  volume={39},
  number={3},
  pages={600--605},
  year={2007},
  publisher={Springer}
}

@techreport{bradley1999affective,
  title={Affective norms for English words (ANEW): Instruction manual and affective ratings},
  author={Bradley, Margaret M and Lang, Peter J},
  year={1999},
  institution={Technical Report C-1, The Center for Research in Psychophysiology, University of Florida}
}

@inproceedings{mikolov2013distributed,
  title={Distributed representations of words and phrases and their compositionality},
  author={Mikolov, Tomas and Sutskever, Ilya and Chen, Kai and Corrado, Greg S and Dean, Jeff},
  booktitle={Advances in neural information processing systems},
  pages={3111--3119},
  year={2013}
}
